<?xml version="1.0" encoding="UTF-8"?><collection xmlns="http://www.loc.gov/MARC21/slim"><record><leader>00504nam--2200205-u-4500</leader><controlfield tag="001">000056365</controlfield><controlfield tag="002">20161230</controlfield><controlfield tag="005">20161230201052</controlfield><controlfield tag="008">150811s1000------------r-----000-0-rus-d</controlfield><datafield ind1=" " ind2=" " tag="040"><subfield code="a">IFIN-HH</subfield></datafield><datafield ind1=" " ind2=" " tag="041"><subfield code="a">rus</subfield></datafield><datafield ind1=" " ind2=" " tag="080"><subfield code="a">53(023)</subfield></datafield><datafield ind1="1" ind2=" " tag="100"><subfield code="a">Landau, L. D</subfield></datafield><datafield ind1="1" ind2="0" tag="245"><subfield code="a">Molekuli</subfield><subfield code="c">L.d. landau, a.i. kitaigorodskii</subfield></datafield><datafield ind1=" " ind2=" " tag="260"><subfield code="a">Moskva</subfield><subfield code="b">Nauka</subfield><subfield code="c">1982</subfield></datafield><datafield ind1=" " ind2=" " tag="300"><subfield code="a">206P</subfield></datafield><datafield ind1=" " ind2=" " tag="490"><subfield code="a">Fizika Dlia Vseh. Kniga 2</subfield></datafield><datafield ind1="1" ind2=" " tag="700"><subfield code="a">Kitaigorodskii, A.I</subfield></datafield><datafield ind1=" " ind2=" " tag="852"><subfield code="a">75081</subfield><subfield code="c">53</subfield></datafield><datafield ind1=" " ind2=" " tag="CAT"><subfield code="a">Sys</subfield><subfield code="c">20150811</subfield><subfield code="h">152016</subfield></datafield></record></collection>